@book{UvodTeorieVerse,
    title = {{\'U}vod do teorie ver{\v{s}}e},
    author = {Ibrahim, Robert and Plech{\'a}{\v{c}}, Petr and {\v{R}}{\'\i}ha, Jakub},
    year = {2013},
    publisher = {Akropolis},
    address = {Praha},
    ISBN = {978-80-7470-051-4},
}

@book{TeorieLiteraturySS,
    title = {Teorie literatury: u{\v{c}}ebnice pro st{\v{r}}edn{\'\i} {\v{s}}koly},
    author = {Ibrahim, Robert},
    year = {2014},
    publisher = {Fraus},
    address = {Plzeň},
    ISBN = {978-80-7238-926-1},
}

@article{TowardsAutomaticAnalysis,
    title = {Toward Automatic Analysis of Czech Verse},
    author = {Ibrahim, Robert and Plech{\'a}{\v{c}}, Petr},
    journal = {Formal Methods in Poetics. L{\"u}denscheid: RAM},
    pages = {295--305},
    year = {2011}
}

@article{KVETA,
    author = {Plecháč, Petr},
    title = {Czech Verse Processing System KVĚTA -- Phonetic and Metrical Components},
    doi = {10.1515/glot-2016-0013},
    journal = {Glottotheory},
    number = {2},
    volume = {7},
    year = {2016},
    pages = {159--174}
}

@article{CorpusCzechVerse,
    author = {Plecháč, Petr and Kolár, Robert},
    title = {The Corpus of Czech Verse},
    doi = {10.12697/smp.2015.2.1.05},
    journal = {Studia Metrica et Poetica},
    number = {1},
    volume = {2},
    year = {2015},
    pages = {107--118}
}

@misc{GitCorpusCzechVerse,
    author = {Petr Plecháč},
    title = {versotym/corpusCzechVerse 1.0},
    month = mar,
    year = 2021,
    publisher = {Zenodo},
    version = {1.0},
    doi = {10.5281/zenodo.4569929},
    url = {https://doi.org/10.5281/zenodo.4569929}
}

@article{KorpusCeskehoVerse,
    title = {Korpus {\v{c}}esk{\'e}ho ver{\v{s}}e},
    author = {Plech{\'a}{\v{c}}, Petr and Kol{\'a}r, Robert},
    journal = {Sborn{\'\i}k semin{\'a}{\v{r}}e o digit{\'a}ln{\'\i}ch zdroj{\'\i}ch a slu{\v{z}}b{\'a}ch ve spole{\v{c}}ensk{\`y}ch a humanitn{\'\i}ch v{\v{e}}d{\'a}ch. Praha: {\'U}stav form{\'a}ln{\'\i} a aplikovan{\'e} lingvistiky MFF UK},
    pages = {74--77},
    year = {2015}
}


@inproceedings{MetricalTaggingInTheWild,
    title = "Metrical Tagging in the Wild: Building and Annotating Poetry Corpora with Rhythmic Features",
    author = "Haider, Thomas",
    booktitle = "Proceedings of the 16th Conference of the European Chapter of the Association for Computational Linguistics: Main Volume",
    month = apr,
    year = "2021",
    address = "Online",
    publisher = "Association for Computational Linguistics",
    url = "https://aclanthology.org/2021.eacl-main.325",
    doi = "10.18653/v1/2021.eacl-main.325",
    pages = "3715--3725",
}

@inproceedings{ComparisonFeatureBasedNeualScansion,
    title = "A Comparison of Feature-Based and Neural Scansion of Poetry",
    author = "Agirrezabal, Manex  and
      Alegria, I{\~n}aki  and
      Hulden, Mans",
    booktitle = "Proceedings of the International Conference Recent Advances in Natural Language Processing, {RANLP} 2017",
    month = sep,
    year = "2017",
    address = "Varna, Bulgaria",
    publisher = "INCOMA Ltd.",
    url = "https://doi.org/10.26615/978-954-452-049-6_003",
    doi = "10.26615/978-954-452-049-6_003",
    pages = "18--23",
}

@inproceedings{TowardsUniversalHypenation,
    author = {Sojka, Petr and Sojka, Ondřej},
    address = {Brno},
    booktitle = {Proceedings of the Thirteenth Workshop on Recent Advances in Slavonic Natural Language Processing, RASLAN 2019},
    editor = {Aleš Horák, Pavel Rychlý, Adam Rambousek},
    keywords = {hyphenation; hyphenation patterns; patgen; syllabification; Unicode; TeX; syllabic hyphenation; Czech; Slovak},
    language = {eng},
    location = {Brno},
    isbn = {978-80-263-1517-9},
    pages = {63-68},
    publisher = {Tribun EU},
    title = {Towards Universal Hyphenation Patterns},
    url = {http://raslan2019.nlp-consulting.net/},
    year = {2019}
}

@article{UnreasonableEffectiveness,
    author = {Sojka, Petr and Sojka, Ondřej},
    location = {Brno},
    doi = {http://dx.doi.org/10.5300/2019-1-4/73},
    language = {eng},
    issn = {1211-6661},
    journal = {Zpravodaj CSTUG},
    title = {The Unreasonable Effectiveness of Pattern Generation},
    url = {https://www.cstug.cz/bulletin/pdf/2019-1-4.pdf#page=75},
    volume = {29},
    year = {2019}
}

@online{PHoEBE,
    title = {Corpus of Czech Verse, PHoEBE phonetic transcription},
    url = {https://versologie.cz/v2/web_content/phoebe.php},
    year = {2022},
    howpublished = {online},
    urldate = {2022-02-25}
}

@online{X-SAMPA,
    title = {SAMPA / X-SAMPA Transcription of Czech},
    url = {https://fonetika.ff.cuni.cz/o-fonetice/foneticka-transkripce/czech-sampa/},
    howpublished = {online},
    urldate = {2022-02-25},
    year = {2015}
}

@phdthesis{HyphenationLiang,
    author = {Liang, Franklin Mark},
    title = {Word Hy-Phen-a-Tion by Com-Put-Er (Hyphenation, Computer)},
    year = {1983},
    publisher = {Stanford University},
    address = {Stanford, CA, USA},
    note = {AAI8329742}
}

@online{HyphenateBatchelder,
    author = {Batchelder, Ned},
    title = {hyphenate.py},
    url = {https://nedbatchelder.com/code/modules/hyphenate.py},
    year = {2007},
    howpublished = {online},
    urldate = {2022-04-10}
}

@online{Pyphen,
    title = {Pyphen},
    url = {https://pyphen.org/},
    abstract = "Hyphenation in pure Python",
    howpublished = {online},
    urldate = {2022-04-27},
    year = {2021}
}

@book{MorphTags,
    title = {Disambiguation of rich inflection: computational morphology of Czech},
    author = {Jan Hajič},
    publisher = {Karolinum},
    year = {2004},
    address = {Praha},
    ISBN = {80-246-0282-2},
}

@article{BiLSTMCRF,
    doi = {10.48550/ARXIV.1508.01991},
    url = {https://arxiv.org/abs/1508.01991},
    author = {Huang, Zhiheng and Xu, Wei and Yu, Kai},
    keywords = {Computation and Language (cs.CL), FOS: Computer and information sciences, FOS: Computer and information sciences},
    title = {Bidirectional LSTM-CRF Models for Sequence Tagging},
    publisher = {arXiv},
    year = {2015},
    copyright = {arXiv.org perpetual, non-exclusive license}
}

@article{BiLSTMCRFHyperparameters,
    doi = {10.48550/ARXIV.1707.06799},
    url = {https://arxiv.org/abs/1707.06799},
    author = {Reimers, Nils and Gurevych, Iryna},
    keywords = {Computation and Language (cs.CL), FOS: Computer and information sciences, FOS: Computer and information sciences},
    title = {Optimal Hyperparameters for Deep LSTM-Networks for Sequence Labeling Tasks},
    publisher = {arXiv},
    year = {2017},
    copyright = {Creative Commons Attribution Share Alike 4.0 International}
}

@misc{GitBiLSTMCRF,
    author = {UKPLab},
    title = "emnlp2017-bilstm-cnn-crf: {BiLSTM-CNN-CRF} architecture for sequence tagging",
    year = {2018},
    publisher = {GitHub},
    journal = {GitHub repository},
    howpublished = {online},
    url = {https://github.com/UKPLab/emnlp2017-bilstm-cnn-crf},
    commit = {b709f580f11c33c0f9951a0afdc3e71a252c93fd},
    urldate = {2022-05-01}
}


@inproceedings{Word2Vec,
    author = {Tom{\'{a}}s Mikolov and
 Kai Chen and
 Greg Corrado and
 Jeffrey Dean},
    editor = {Yoshua Bengio and
 Yann LeCun},
    title = {Efficient Estimation of Word Representations in Vector Space},
    booktitle = {1st International Conference on Learning Representations, {ICLR} 2013,
 Scottsdale, Arizona, USA, May 2-4, 2013, Workshop Track Proceedings},
    year = {2013},
    url = {http://arxiv.org/abs/1301.3781},
    timestamp = {Mon, 28 Dec 2020 11:31:01 +0100},
    biburl = {https://dblp.org/rec/journals/corr/abs-1301-3781.bib},
    bibsource = {dblp computer science bibliography, https://dblp.org}
}

@inproceedings{GloVe,
    title = "{G}lo{V}e: Global Vectors for Word Representation",
    author = "Pennington, Jeffrey  and
      Socher, Richard  and
      Manning, Christopher",
    booktitle = "Proceedings of the 2014 Conference on Empirical Methods in Natural Language Processing ({EMNLP})",
    month = oct,
    year = "2014",
    address = "Doha, Qatar",
    publisher = "Association for Computational Linguistics",
    url = "https://aclanthology.org/D14-1162",
    doi = "10.3115/v1/D14-1162",
    pages = "1532--1543",
}

@article{FastText,
    title = {Enriching Word Vectors with Subword Information},
    author = {Piotr Bojanowski and Edouard Grave and Armand Joulin and Tomas Mikolov},
    journal = {Transactions of the Association for Computational Linguistics},
    year = {2017},
    volume = {5},
    pages = {135-146}
}

@inproceedings{ELMo,
    title = "Deep Contextualized Word Representations",
    author = "Peters, Matthew E.  and
      Neumann, Mark  and
      Iyyer, Mohit  and
      Gardner, Matt  and
      Clark, Christopher  and
      Lee, Kenton  and
      Zettlemoyer, Luke",
    booktitle = "Proceedings of the 2018 Conference of the North {A}merican Chapter of the Association for Computational Linguistics: Human Language Technologies, Volume 1 (Long Papers)",
    month = jun,
    year = "2018",
    address = "New Orleans, Louisiana",
    publisher = "Association for Computational Linguistics",
    url = "https://aclanthology.org/N18-1202",
    doi = "10.18653/v1/N18-1202",
    pages = "2227--2237",
}

@inproceedings{CRF,
    author = {Lafferty, John D. and McCallum, Andrew and Pereira, Fernando C. N.},
    title = {Conditional Random Fields: Probabilistic Models for Segmenting and Labeling Sequence Data},
    year = {2001},
    isbn = {1558607781},
    publisher = {Morgan Kaufmann Publishers Inc.},
    address = {San Francisco, CA, USA},
    booktitle = {Proceedings of the Eighteenth International Conference on Machine Learning},
    pages = {282–289},
    numpages = {8},
    series = {ICML '01}
}